<record><leader>00000cas a2200000 a 4500</leader><controlfield tag="001">42972899</controlfield><controlfield tag="008">991210c19799999oruwr ne      0    0eng c</controlfield><datafield ind1=" " ind2=" " tag="010"><subfield code="a">sn 99063888 </subfield></datafield><datafield ind1=" " ind2=" " tag="040"><subfield code="a">OCN</subfield><subfield code="b">eng</subfield><subfield code="c">OCN</subfield><subfield code="d">OCLCQ</subfield><subfield code="d">ORU</subfield><subfield code="d">OCLCO</subfield><subfield code="d">OCLCF</subfield></datafield><datafield ind1=" " ind2=" " tag="042"><subfield code="a">pcc</subfield></datafield><datafield ind1=" " ind2=" " tag="043"><subfield code="a">n-us-or</subfield></datafield><datafield ind1="0" ind2=" " tag="130"><subfield code="a">Sun (Sheridan, Or.)</subfield></datafield><datafield ind1="1" ind2="4" tag="245"><subfield code="a">The Sun.</subfield></datafield><datafield ind1=" " ind2=" " tag="260"><subfield code="a">Sheridan, Or. :</subfield><subfield code="b">Sheridan Pub. Co.,</subfield><subfield code="c">1979-</subfield></datafield><datafield ind1=" " ind2=" " tag="300"><subfield code="a">v.</subfield></datafield><datafield ind1=" " ind2=" " tag="310"><subfield code="a">Weekly</subfield></datafield><datafield ind1="0" ind2=" " tag="362"><subfield code="a">Vol. 79, no. 28 (July 12, 1979)-</subfield></datafield><datafield ind1=" " ind2=" " tag="530"><subfield code="a">Also issued on microfilm from University of Oregon.</subfield></datafield><datafield ind1=" " ind2=" " tag="530"><subfield code="a">Also available online.</subfield></datafield><datafield ind1=" " ind2=" " tag="588"><subfield code="a">Latest issue consulted: Vol. 99, no. 49 (Dec. 8, 1999).</subfield></datafield><datafield ind1=" " ind2="0" tag="651"><subfield code="a">Willamina (Or.)</subfield><subfield code="v">Newspapers.</subfield></datafield><datafield ind1=" " ind2="0" tag="651"><subfield code="a">Sheridan (Or.)</subfield><subfield code="v">Newspapers.</subfield></datafield><datafield ind1=" " ind2="7" tag="655"><subfield code="a">Newspapers.</subfield><subfield code="2">fast</subfield><subfield code="0">(OCoLC)fst01423814</subfield></datafield><datafield ind1=" " ind2="7" tag="651"><subfield code="a">Oregon</subfield><subfield code="z">Sheridan.</subfield><subfield code="2">fast</subfield><subfield code="0">(OCoLC)fst01231165</subfield></datafield><datafield ind1=" " ind2="7" tag="651"><subfield code="a">Oregon</subfield><subfield code="z">Willamina.</subfield><subfield code="2">fast</subfield><subfield code="0">(OCoLC)fst01928015</subfield></datafield><datafield ind1=" " ind2=" " tag="752"><subfield code="a">United States</subfield><subfield code="b">Oregon</subfield><subfield code="c">Yamhill</subfield><subfield code="d">Sheridan.</subfield></datafield><datafield ind1="0" ind2="0" tag="780"><subfield code="t">Sheridan sun (Sheridan, Or. : 1908)</subfield><subfield code="w">(DLC)sn 99063887</subfield></datafield><datafield ind1="4" ind2="1" tag="856"><subfield code="u">http://www.smalltownpapers.com/newspapers/newspaper.php?id=351</subfield><subfield code="z">SmallTownPapers</subfield></datafield><datafield ind1="4" ind2="1" tag="856"><subfield code="u">http://news.google.com/newspapers?nid=3DOefFFSZ7MC</subfield><subfield code="z">Google News Archive</subfield></datafield></record>